@book{adams1995hitchhiker,
  title={The Hitchhiker's Guide to the Galaxy},
  author={Adams, D.},
  isbn={9781417642595},
  url={http://books.google.com/books?id=W-xMPgAACAAJ},
  year={1995},
  publisher={San Val}
}

@misc{mary_anderson_1,
    title = {{Mary Anderson}},
    author = {J. Fred Olive III},
    institution = {University of Alabama at Birmingham},
    howpublished = "\url{http://www.encyclopediaofalabama.org/article/h-2553}",
    note = "[online, letöltve: 2018. október 28.]",
    year = {2010},
}

@mastersthesis{horvath_robert,
    title = {{Ablaktörlő rendszerek fejlesztése során használt leszorító erő számítási módszer validációs tesztjének megtervezése}},
    author = {Horváth Róbert},
    school = {Dunaújvárosi Egyetem},
    year = {2017},
    type = "Szakdolgozat",
}

@mastersthesis{antal_kristof,
    title = {{Ablaktörlő rendszerek fő részegységeinek kifáradás vizsgálata végeselemes szimulációs eredmények alapján}},
    author = {Antal Kristóf},
    school = {Budapesti Műszaki és Gazdaságtudományi Egyetem, Közlekedésmérnöki és Járműmérnöki Kar, Járműelemek és Hajtások Tanszék},
    year = {2011},
    type = "Diplomamunka",
}

@mastersthesis{szego_mate,
    title = {{Ablaktörlő rendszerek törlési minőség vizsgálata}},
    author = {Szegő Máté},
    school = {Budapesti Műszaki és Gazdaságtudományi Egyetem, Közlekedésmérnöki és Járműmérnöki Kar, Járműváz- és Könnyűszerkezetek Tanszék},
    year = {2010},
    type = "Diplomamunka",
}

@misc{mary_anderson_patent,
author ={Mary Anderson},
year ={1903},
title ={Window-cleaning device},
note ={Szabadalom száma: US743801A},
}

@mastersthesis{bojko_balazs,
    title = {{Finite element simulation of car wiper systems}},
    author = {Bojkó Balázs},
    school = {Budapesti Műszaki és Gazdaságtudományi Egyetem, Gépészmérnöki Kar, Műszaki Mechanikai Tanszék},
    year = {2012},
    type = "Diplomamunka",
}


@BOOK{book,
  editor="Steven R. Norsworthy and Richard Schreier and Gabor C. Temes",
  title="Delta-Sigma Data Converters",
  publisher="{IEEE} Press",
  year=1997
}

@ARTICLE{paper,
author ="James C. Candy",
title  ="Decimation for Sigma Delta Modulation",
journal="{IEEE} Trans.\ on Communications",
volume =34,
number =1,
pages  ="72--76",
month  =jan,
year   =1986,
}


@INPROCEEDINGS{confpaper,
  author =       "Wai L. Lee and Charles G. Sodini",
  title =        "A Topology for Higher Order Interpolative Coders",
  booktitle =    "Proc.\ of the IEEE International Symposium on Circuits and Systems",
  year =         1987,
  vol =          2,
  month =        may # "~4--7",
  address =      "Philadelphia, PA, USA",
  pages =        "459--462"
}

@PHDTHESIS{thesis,
  author =   "Peter Kiss",
  title =    "Adaptive Digital Compensation of Analog Circuit Imperfections for Cascaded Delta-Sigma Analog-to-Digital Converters",
  school =   "Technical University of Timi\c{s}oara, Romania",
  month =    apr,
  year =     2000
}


@MANUAL{manual,
author = "Richard Schreier",
title  = "The Delta-Sigma Toolbox v5.2",
organization = "Oregon State University",
year   = 2000,
month  = jan,
note   ="\newline URL: http://www.mathworks.com/matlabcentral/fileexchange/"
}
